@inproceedings{2015IEEEConf.Comput.Vis.PatternRecognit.CVPR/NguyenJ15,
  title = {Deep Neural Networks Are Easily Fooled: High Confidence Predictions for Unrecognizable Images},
  shorttitle = {Deep Neural Networks Are Easily Fooled},
  booktitle = {2015 IEEE Conference on Computer Vision and Pattern Recognition (CVPR)},
  author = {Nguyen, Anh and Yosinski, Jason and Clune, Jeff},
  date = {2015-06},
  pages = {427--436},
  publisher = {IEEE},
  location = {Boston, MA, USA},
  doi = {10.1109/CVPR.2015.7298640},
  url = {http://ieeexplore.ieee.org/document/7298640/},
  urldate = {2025-02-28},
  eventtitle = {2015 IEEE Conference on Computer Vision and Pattern Recognition (CVPR)},
  isbn = {978-1-4673-6964-0}
}

@inproceedings{2015IEEEInt.Conf.Comput.Vis.ICCV/HeXS15,
  title = {Delving Deep into Rectifiers: Surpassing Human-Level Performance on ImageNet Classification},
  shorttitle = {Delving Deep into Rectifiers},
  booktitle = {2015 IEEE International Conference on Computer Vision (ICCV)},
  author = {He, Kaiming and Zhang, Xiangyu and Ren, Shaoqing and Sun, Jian},
  date = {2015-12},
  pages = {1026--1034},
  publisher = {IEEE},
  location = {Santiago, Chile},
  doi = {10.1109/ICCV.2015.123},
  url = {http://ieeexplore.ieee.org/document/7410480/},
  urldate = {2025-02-12},
  eventtitle = {2015 IEEE International Conference on Computer Vision (ICCV)},
  isbn = {978-1-4673-8391-2},
  langid = {english}
}

@online{bembenek_symbol_2024,
  title = {Symbol Correctness in Deep Neural Networks Containing Symbolic Layers},
  author = {Bembenek, Aaron and Murray, Toby},
  date = {2024-02-06},
  eprint = {2402.03663},
  eprinttype = {arXiv},
  eprintclass = {cs},
  doi = {10.48550/arXiv.2402.03663},
  url = {http://arxiv.org/abs/2402.03663},
  urldate = {2025-04-27},
  pubstate = {prepublished},
  version = {1}
}

@online{bereska_mechanistic_2024,
  title = {Mechanistic Interpretability for AI Safety -- A Review},
  author = {Bereska, Leonard and Gavves, Efstratios},
  date = {2024-04-22},
  eprint = {2404.14082},
  eprinttype = {arXiv},
  eprintclass = {cs},
  doi = {10.48550/arXiv.2404.14082},
  url = {http://arxiv.org/abs/2404.14082},
  urldate = {2025-02-25},
  pubstate = {prepublished},
  version = {1}
}

@online{bosnjak_programming_2017,
  title = {Programming with a Differentiable Forth Interpreter},
  author = {Bošnjak, Matko and Rocktäschel, Tim and Naradowsky, Jason and Riedel, Sebastian},
  date = {2017-07-23},
  eprint = {1605.06640},
  eprinttype = {arXiv},
  eprintclass = {cs},
  doi = {10.48550/arXiv.1605.06640},
  url = {http://arxiv.org/abs/1605.06640},
  urldate = {2025-02-28},
  pubstate = {prepublished}
}

@article{choi_probabilistic_nodate,
  title = {Probabilistic Circuits: A Unifying Framework for Tractable Probabilistic Models},
  author = {Choi, YooJung and Vergari, Antonio},
  langid = {english}
}

@incollection{ComputerVision-ECCV2014/Zeiler14,
  title = {Visualizing and Understanding Convolutional Networks},
  booktitle = {Computer Vision – ECCV 2014},
  author = {Zeiler, Matthew D. and Fergus, Rob},
  editor = {Fleet, David and Pajdla, Tomas and Schiele, Bernt and Tuytelaars, Tinne},
  date = {2014},
  volume = {8689},
  pages = {818--833},
  publisher = {Springer International Publishing},
  location = {Cham},
  doi = {10.1007/978-3-319-10590-1_53},
  url = {http://link.springer.com/10.1007/978-3-319-10590-1_53},
  urldate = {2025-02-28},
  isbn = {978-3-319-10589-5 978-3-319-10590-1},
  langid = {english}
}

@article{Distill/CarterDI16,
  title = {Experiments in Handwriting with a Neural Network},
  author = {Carter, Shan and Ha, David and Johnson, Ian and Olah, Chris},
  date = {2016-12-06},
  journaltitle = {Distill},
  shortjournal = {Distill},
  volume = {1},
  number = {12},
  pages = {10.23915/distill.00004},
  issn = {2476-0757},
  doi = {10.23915/distill.00004},
  url = {http://distill.pub/2016/handwriting},
  urldate = {2025-02-28}
}

@article{Distill/CarterZLI19,
  title = {Activation Atlas},
  author = {Carter, Shan and Armstrong, Zan and Schubert, Ludwig and Johnson, Ian and Olah, Chris},
  date = {2019-03-06},
  journaltitle = {Distill},
  shortjournal = {Distill},
  volume = {4},
  number = {3},
  pages = {10.23915/distill.00015},
  issn = {2476-0757},
  doi = {10.23915/distill.00015},
  url = {https://distill.pub/2019/activation-atlas},
  urldate = {2025-02-28}
}

@article{Distill/GohNCSMLA21,
  title = {Multimodal Neurons in Artificial Neural Networks},
  author = {Goh, Gabriel and Cammarata, Nick and Voss, Chelsea and Carter, Shan and Petrov, Michael and Schubert, Ludwig and Radford, Alec and Olah, Chris},
  date = {2021-03-04},
  journaltitle = {Distill},
  shortjournal = {Distill},
  volume = {6},
  number = {3},
  pages = {10.23915/distill.00030},
  issn = {2476-0757},
  doi = {10.23915/distill.00030},
  url = {https://distill.pub/2021/multimodal-neurons},
  urldate = {2025-02-28}
}

@article{Distill/OlahA17,
  title = {Feature Visualization},
  author = {Olah, Chris and Mordvintsev, Alexander and Schubert, Ludwig},
  date = {2017-11-07},
  journaltitle = {Distill},
  shortjournal = {Distill},
  volume = {2},
  number = {11},
  pages = {10.23915/distill.00007},
  issn = {2476-0757},
  doi = {10.23915/distill.00007},
  url = {https://distill.pub/2017/feature-visualization},
  urldate = {2025-02-28}
}

@article{Distill/OlahAISLK18,
  title = {The Building Blocks of Interpretability},
  author = {Olah, Chris and Satyanarayan, Arvind and Johnson, Ian and Carter, Shan and Schubert, Ludwig and Ye, Katherine and Mordvintsev, Alexander},
  date = {2018-03-06},
  journaltitle = {Distill},
  shortjournal = {Distill},
  volume = {3},
  number = {3},
  pages = {10.23915/distill.00010},
  issn = {2476-0757},
  doi = {10.23915/distill.00010},
  url = {https://distill.pub/2018/building-blocks},
  urldate = {2025-02-28}
}

@article{Distill/VossNGMLBS21,
  title = {Visualizing Weights},
  author = {Voss, Chelsea and Cammarata, Nick and Goh, Gabriel and Petrov, Michael and Schubert, Ludwig and Egan, Ben and Lim, Swee and Olah, Chris},
  date = {2021-02-04},
  journaltitle = {Distill},
  shortjournal = {Distill},
  volume = {6},
  number = {2},
  pages = {10.23915/distill.00024.007},
  issn = {2476-0757},
  doi = {10.23915/distill.00024.007},
  url = {https://distill.pub/2020/circuits/visualizing-weights},
  urldate = {2025-02-28}
}

@article{feser_neural_2017,
  title = {NEURAL FUNCTIONAL PROGRAMMING},
  author = {Feser, John K and Brockschmidt, Marc and Gaunt, Alexander L and Tarlow, Daniel},
  date = {2017},
  langid = {english}
}

@article{frankle_lottery_nodate,
  title = {THE LOTTERY TICKET HYPOTHESIS:},
  author = {Frankle, Jonathan and Carbin, Michael},
  langid = {english}
}

@online{galkin_foundation_2024-1,
  title = {A Foundation Model for Zero-Shot Logical Query Reasoning},
  author = {Galkin, Mikhail and Zhou, Jincheng and Ribeiro, Bruno and Tang, Jian and Zhu, Zhaocheng},
  date = {2024-10-01},
  eprint = {2404.07198},
  eprinttype = {arXiv},
  eprintclass = {cs},
  doi = {10.48550/arXiv.2404.07198},
  url = {http://arxiv.org/abs/2404.07198},
  urldate = {2025-02-25},
  pubstate = {prepublished}
}

@online{gaunt_differentiable_2017,
  title = {Differentiable Programs with Neural Libraries},
  author = {Gaunt, Alexander L. and Brockschmidt, Marc and Kushman, Nate and Tarlow, Daniel},
  date = {2017-03-02},
  eprint = {1611.02109},
  eprinttype = {arXiv},
  eprintclass = {cs},
  doi = {10.48550/arXiv.1611.02109},
  url = {http://arxiv.org/abs/1611.02109},
  urldate = {2025-03-14},
  pubstate = {prepublished}
}

@online{gaunt_summary_2016,
  title = {Summary - TerpreT: A Probabilistic Programming Language for Program Induction},
  shorttitle = {Summary - TerpreT},
  author = {Gaunt, Alexander L. and Brockschmidt, Marc and Singh, Rishabh and Kushman, Nate and Kohli, Pushmeet and Taylor, Jonathan and Tarlow, Daniel},
  date = {2016-12-02},
  eprint = {1612.00817},
  eprinttype = {arXiv},
  eprintclass = {cs},
  doi = {10.48550/arXiv.1612.00817},
  url = {http://arxiv.org/abs/1612.00817},
  urldate = {2025-03-14},
  pubstate = {prepublished}
}

@online{gaunt_terpret_2016,
  title = {TerpreT: A Probabilistic Programming Language for Program Induction},
  shorttitle = {TerpreT},
  author = {Gaunt, Alexander L. and Brockschmidt, Marc and Singh, Rishabh and Kushman, Nate and Kohli, Pushmeet and Taylor, Jonathan and Tarlow, Daniel},
  date = {2016-08-15},
  eprint = {1608.04428},
  eprinttype = {arXiv},
  eprintclass = {cs},
  doi = {10.48550/arXiv.1608.04428},
  url = {http://arxiv.org/abs/1608.04428},
  urldate = {2025-03-14},
  pubstate = {prepublished}
}

@online{geiger_causal_2024,
  title = {Causal Abstraction: A Theoretical Foundation for Mechanistic Interpretability},
  shorttitle = {Causal Abstraction},
  author = {Geiger, Atticus and Ibeling, Duligur and Zur, Amir and Chaudhary, Maheep and Chauhan, Sonakshi and Huang, Jing and Arora, Aryaman and Wu, Zhengxuan and Goodman, Noah and Potts, Christopher and Icard, Thomas},
  date = {2024-08-07},
  eprint = {2301.04709},
  eprinttype = {arXiv},
  eprintclass = {cs},
  doi = {10.48550/arXiv.2301.04709},
  url = {http://arxiv.org/abs/2301.04709},
  urldate = {2025-02-25},
  pubstate = {prepublished}
}

@online{grinwald_visualizing_2023,
  title = {Visualizing the Diversity of Representations Learned by Bayesian Neural Networks},
  author = {Grinwald, Dennis and Bykov, Kirill and Nakajima, Shinichi and Höhne, Marina M.-C.},
  date = {2023-11-14},
  eprint = {2201.10859},
  eprinttype = {arXiv},
  eprintclass = {cs},
  doi = {10.48550/arXiv.2201.10859},
  url = {http://arxiv.org/abs/2201.10859},
  urldate = {2025-02-25},
  pubstate = {prepublished}
}

@article{kastner_explaining_nodate,
  title = {Explaining AI Through Mechanistic Interpretability},
  author = {Kästner, Lena},
  url = {https://core.ac.uk/outputs/591931720/?source=2},
  urldate = {2025-02-25}
}

@online{krahenbuhl_data-dependent_2016,
  title = {Data-Dependent Initializations of Convolutional Neural Networks},
  author = {Krähenbühl, Philipp and Doersch, Carl and Donahue, Jeff and Darrell, Trevor},
  date = {2016-09-22},
  eprint = {1511.06856},
  eprinttype = {arXiv},
  eprintclass = {cs},
  doi = {10.48550/arXiv.1511.06856},
  url = {http://arxiv.org/abs/1511.06856},
  urldate = {2025-03-12},
  pubstate = {prepublished}
}

@online{liang_neural_2016,
  title = {Neural Symbolic Machines: Learning Semantic Parsers on Freebase with Weak Supervision (Short Version)},
  shorttitle = {Neural Symbolic Machines},
  author = {Liang, Chen and Berant, Jonathan and Le, Quoc and Forbus, Kenneth D. and Lao, Ni},
  date = {2016-12-04},
  eprint = {1612.01197},
  eprinttype = {arXiv},
  eprintclass = {cs},
  doi = {10.48550/arXiv.1612.01197},
  url = {http://arxiv.org/abs/1612.01197},
  urldate = {2025-04-27},
  pubstate = {prepublished}
}

@online{lindner_tracr_2023,
  title = {Tracr: Compiled Transformers as a Laboratory for Interpretability},
  shorttitle = {Tracr},
  author = {Lindner, David and Kramár, János and Farquhar, Sebastian and Rahtz, Matthew and McGrath, Thomas and Mikulik, Vladimir},
  date = {2023-11-03},
  eprint = {2301.05062},
  eprinttype = {arXiv},
  doi = {10.48550/arXiv.2301.05062},
  url = {http://arxiv.org/abs/2301.05062},
  urldate = {2024-11-20},
  pubstate = {prepublished}
}

@article{Math.ControlSignalSystems/Cybenko89,
  title = {Approximation by Superpositions of a Sigmoidal Function},
  author = {Cybenko, G.},
  date = {1989-12-01},
  journaltitle = {Mathematics of Control, Signals and Systems},
  shortjournal = {Math. Control Signal Systems},
  volume = {2},
  number = {4},
  pages = {303--314},
  issn = {1435-568X},
  doi = {10.1007/BF02551274},
  url = {https://doi.org/10.1007/BF02551274},
  urldate = {2025-01-22},
  langid = {english}
}

@online{mishkin_all_2016,
  title = {All You Need Is a Good Init},
  author = {Mishkin, Dmytro and Matas, Jiri},
  date = {2016-02-19},
  eprint = {1511.06422},
  eprinttype = {arXiv},
  eprintclass = {cs},
  doi = {10.48550/arXiv.1511.06422},
  url = {http://arxiv.org/abs/1511.06422},
  urldate = {2025-03-12},
  pubstate = {prepublished}
}

@online{nanda_progress_2023,
  title = {Progress Measures for Grokking via Mechanistic Interpretability},
  author = {Nanda, Neel and Chan, Lawrence and Lieberum, Tom and Smith, Jess and Steinhardt, Jacob},
  date = {2023-10-19},
  eprint = {2301.05217},
  eprinttype = {arXiv},
  eprintclass = {cs},
  doi = {10.48550/arXiv.2301.05217},
  url = {http://arxiv.org/abs/2301.05217},
  urldate = {2025-02-25},
  pubstate = {prepublished}
}

@article{NeuralNetworks/LeshnoVA93,
  title = {Multilayer Feedforward Networks with a Nonpolynomial Activation Function Can Approximate Any Function},
  author = {Leshno, Moshe and Lin, Vladimir Ya. and Pinkus, Allan and Schocken, Shimon},
  date = {1993-01-01},
  journaltitle = {Neural Networks},
  shortjournal = {Neural Networks},
  volume = {6},
  number = {6},
  pages = {861--867},
  issn = {0893-6080},
  doi = {10.1016/S0893-6080(05)80131-5},
  url = {https://www.sciencedirect.com/science/article/pii/S0893608005801315},
  urldate = {2025-01-22}
}

@online{noauthor_neural_nodate,
  title = {Neural Networks, Types, and Functional Programming -- Colah's Blog},
  url = {https://colah.github.io/posts/2015-09-NN-Types-FP/},
  urldate = {2025-04-07}
}

@online{noauthor_transformer_nodate,
  title = {Transformer Architecture: The Positional Encoding - Amirhossein Kazemnejad's Blog},
  url = {https://kazemnejad.com/blog/transformer_architecture_positional_encoding/},
  urldate = {2025-01-08}
}

@inproceedings{Proc.35thInt.Conf.Mach.Learn./XuZTY18,
  title = {A Semantic Loss Function for Deep Learning with Symbolic Knowledge},
  booktitle = {Proceedings of the 35th International Conference on Machine Learning},
  author = {Xu, Jingyi and Zhang, Zilu and Friedman, Tal and Liang, Yitao and Broeck, Guy},
  date = {2018-07-03},
  pages = {5502--5511},
  publisher = {PMLR},
  issn = {2640-3498},
  url = {https://proceedings.mlr.press/v80/xu18h.html},
  urldate = {2025-02-14},
  eventtitle = {International Conference on Machine Learning},
  langid = {english}
}

@inproceedings{Proc.Thirteen.Int.Conf.Artif.Intell.Stat./Glorot10,
  title = {Understanding the Difficulty of Training Deep Feedforward Neural Networks},
  booktitle = {Proceedings of the Thirteenth International Conference on Artificial Intelligence and Statistics},
  author = {Glorot, Xavier and Bengio, Yoshua},
  date = {2010-03-31},
  pages = {249--256},
  publisher = {{JMLR Workshop and Conference Proceedings}},
  issn = {1938-7228},
  url = {https://proceedings.mlr.press/v9/glorot10a.html},
  urldate = {2025-03-15},
  eventtitle = {Proceedings of the Thirteenth International Conference on Artificial Intelligence and Statistics},
  langid = {english}
}

@inproceedings{Program.Lang.Syst./Wood22,
  title = {A Framework for Substructural Type Systems},
  booktitle = {Programming Languages and Systems},
  author = {Wood, James and Atkey, Robert},
  editor = {Sergey, Ilya},
  date = {2022},
  pages = {376--402},
  publisher = {Springer International Publishing},
  location = {Cham},
  doi = {10.1007/978-3-030-99336-8_14},
  isbn = {978-3-030-99336-8},
  langid = {english}
}

@article{radford_improving_nodate,
  title = {Improving Language Understanding by Generative Pre-Training},
  author = {Radford, Alec and Narasimhan, Karthik and Salimans, Tim and Sutskever, Ilya},
  langid = {english}
}

@online{reed_neural_2016,
  title = {Neural Programmer-Interpreters},
  author = {Reed, Scott and family=Freitas, given=Nando, prefix=de, useprefix=false},
  date = {2016-02-29},
  eprint = {1511.06279},
  eprinttype = {arXiv},
  eprintclass = {cs},
  doi = {10.48550/arXiv.1511.06279},
  url = {http://arxiv.org/abs/1511.06279},
  urldate = {2025-04-27},
  pubstate = {prepublished}
}

@article{SACS/Valiron14,
  title = {Modeling Simply-Typed Lambda Calculi in the Category of Finite Vector Spaces},
  author = {Valiron, Benoit and Zdancewic, Steve},
  date = {2014},
  journaltitle = {Scientific Annals of Computer Science},
  shortjournal = {SACS},
  volume = {24},
  number = {2},
  pages = {325--368},
  issn = {22482695},
  doi = {10.7561/SACS.2014.2.325},
  url = {http://www.info.uaic.ro/bin/Annals/Article?v=XXIV2&a=5},
  urldate = {2025-04-11},
  langid = {english}
}

@online{salimans_weight_2016,
  title = {Weight Normalization: A Simple Reparameterization to Accelerate Training of Deep Neural Networks},
  shorttitle = {Weight Normalization},
  author = {Salimans, Tim and Kingma, Diederik P.},
  date = {2016-06-04},
  eprint = {1602.07868},
  eprinttype = {arXiv},
  eprintclass = {cs},
  doi = {10.48550/arXiv.1602.07868},
  url = {http://arxiv.org/abs/1602.07868},
  urldate = {2025-03-12},
  pubstate = {prepublished}
}

@online{sinha_clutrr_2019,
  title = {CLUTRR: A Diagnostic Benchmark for Inductive Reasoning from Text},
  shorttitle = {CLUTRR},
  author = {Sinha, Koustuv and Sodhani, Shagun and Dong, Jin and Pineau, Joelle and Hamilton, William L.},
  date = {2019-09-04},
  eprint = {1908.06177},
  eprinttype = {arXiv},
  eprintclass = {cs},
  doi = {10.48550/arXiv.1908.06177},
  url = {http://arxiv.org/abs/1908.06177},
  urldate = {2025-02-24},
  pubstate = {prepublished}
}

@online{tafjord_proofwriter_2021,
  title = {ProofWriter: Generating Implications, Proofs, and Abductive Statements over Natural Language},
  shorttitle = {ProofWriter},
  author = {Tafjord, Oyvind and Mishra, Bhavana Dalvi and Clark, Peter},
  date = {2021-06-03},
  eprint = {2012.13048},
  eprinttype = {arXiv},
  eprintclass = {cs},
  doi = {10.48550/arXiv.2012.13048},
  url = {http://arxiv.org/abs/2012.13048},
  urldate = {2025-02-24},
  pubstate = {prepublished}
}

@article{Trans.Mach.Learn.Res./ZhaoF22,
  title = {ZerO Initialization: Initializing Neural Networks with Only Zeros and Ones},
  shorttitle = {ZerO Initialization},
  author = {Zhao, Jiawei and Schaefer, Florian Tobias and Anandkumar, Anima},
  date = {2022-07-12},
  journaltitle = {Transactions on Machine Learning Research},
  issn = {2835-8856},
  url = {https://openreview.net/forum?id=1AxQpKmiTc},
  urldate = {2025-03-12},
  langid = {english}
}

@online{vaswani_attention_2023,
  title = {Attention Is All You Need},
  author = {Vaswani, Ashish and Shazeer, Noam and Parmar, Niki and Uszkoreit, Jakob and Jones, Llion and Gomez, Aidan N. and Kaiser, Lukasz and Polosukhin, Illia},
  date = {2023-08-02},
  eprint = {1706.03762},
  eprinttype = {arXiv},
  eprintclass = {cs},
  doi = {10.48550/arXiv.1706.03762},
  url = {http://arxiv.org/abs/1706.03762},
  urldate = {2025-01-08},
  pubstate = {prepublished}
}

@article{walker_1_nodate,
  title = {1 Substructural Type Systems},
  author = {Walker, David},
  langid = {english}
}

@online{wang_executable_2024,
  title = {Executable Code Actions Elicit Better LLM Agents},
  author = {Wang, Xingyao and Chen, Yangyi and Yuan, Lifan and Zhang, Yizhe and Li, Yunzhu and Peng, Hao and Ji, Heng},
  date = {2024-06-07},
  eprint = {2402.01030},
  eprinttype = {arXiv},
  eprintclass = {cs},
  doi = {10.48550/arXiv.2402.01030},
  url = {http://arxiv.org/abs/2402.01030},
  urldate = {2025-02-24},
  pubstate = {prepublished}
}

@online{weiss_thinking_2021,
  title = {Thinking Like Transformers},
  author = {Weiss, Gail and Goldberg, Yoav and Yahav, Eran},
  date = {2021-07-19},
  eprint = {2106.06981},
  eprinttype = {arXiv},
  eprintclass = {cs},
  doi = {10.48550/arXiv.2106.06981},
  url = {http://arxiv.org/abs/2106.06981},
  urldate = {2025-02-26},
  pubstate = {prepublished}
}

@online{xiong_layer_2020,
  title = {On Layer Normalization in the Transformer Architecture},
  author = {Xiong, Ruibin and Yang, Yunchang and He, Di and Zheng, Kai and Zheng, Shuxin and Xing, Chen and Zhang, Huishuai and Lan, Yanyan and Wang, Liwei and Liu, Tie-Yan},
  date = {2020-06-29},
  eprint = {2002.04745},
  eprinttype = {arXiv},
  eprintclass = {cs},
  doi = {10.48550/arXiv.2002.04745},
  url = {http://arxiv.org/abs/2002.04745},
  urldate = {2025-02-12},
  pubstate = {prepublished}
}

@online{yarotsky_universal_2018,
  title = {Universal Approximations of Invariant Maps by Neural Networks},
  author = {Yarotsky, Dmitry},
  date = {2018-04-26},
  eprint = {1804.10306},
  eprinttype = {arXiv},
  eprintclass = {cs},
  doi = {10.48550/arXiv.1804.10306},
  url = {http://arxiv.org/abs/1804.10306},
  urldate = {2025-02-09},
  pubstate = {prepublished}
}

@online{zhang_fixup_2019,
  title = {Fixup Initialization: Residual Learning Without Normalization},
  shorttitle = {Fixup Initialization},
  author = {Zhang, Hongyi and Dauphin, Yann N. and Ma, Tengyu},
  date = {2019-03-12},
  eprint = {1901.09321},
  eprinttype = {arXiv},
  eprintclass = {cs},
  doi = {10.48550/arXiv.1901.09321},
  url = {http://arxiv.org/abs/1901.09321},
  urldate = {2025-02-12},
  pubstate = {prepublished}
}
